@article{Barisits2019,
	author = {Barisits, Martin and Beermann, Thomas and Berghaus, Frank and Bockelman, Brian and Bogado, Joaquin and Cameron, David and Christidis, Dimitrios and Ciangottini, Diego and Dimitrov, Gancho and Elsing, Markus and Garonne, Vincent and di Girolamo, Alessandro and Goossens, Luc and Guan, Wen and Guenther, Jaroslav and Javurek, Tomas and Kuhn, Dietmar and Lassnig, Mario and Lopez, Fernando and Magini, Nicolo and Molfetas, Angelos and Nairz, Armin and Ould-Saada, Farid and Prenner, Stefan and Serfon, Cedric and Stewart, Graeme and Vaandering, Eric and Vasileva, Petya and Vigne, Ralph and Wegner, Tobias},
	journal = {Computing and Software for Big Science},
	url = {https://doi.org/10.1007/s41781-019-0026-3},
	number = {1},
	pages = {11},
	title = {Rucio: Scientific Data Management},
	volume = {3},
	year = {2019}}
